@article{cunn_two,
    author = {Cunningham, R. G.},
    title = "{Liquid Jet Pumps for Two-Phase Flows}",
    journal = {ASME J. Fluids Eng.},
    volume = {117},
    number = {2},
    pages = {309-316},
    year = {1995},
    month = {06},
    % issn = {0098-2202},
    doi = {10.1115/1.2817147},
    url = {https://doi.org/10.1115/1.2817147},
}

@article{cunn_gas,
    author = {Cunningham, R. G.},
    title = "{Gas Compression With the Liquid Jet Pump}",
    journal = {ASME J. Fluids Eng.},
    volume = {96},
    number = {3},
    pages = {203-215},
    year = {1974},
    month = {09},
    doi = {10.1115/1.3447143},
}

@article{cunn_break,
    author = {Cunningham, R. G. and Dopkin, R. J.},
    title = "{Jet Breakup and Mixing Throat Lengths for the Liquid Jet Gas Pump}",
    journal = {ASME J. Fluids Eng.},
    volume = {96},
    number = {3},
    pages = {216-226},
    year = {1974},
    month = {09},
    doi = {10.1115/1.3447144},
}

@inproceedings{merrill,
  author          = {Merrill, Robert and Shankar, Vivek and Chapman, Thomas},
  booktitle       = {Abu Dhabi International Petroleum Exhibition and Conference},
  editor          = {},
  title           = "{Three-Phase Numerical Solution for Jet Pumps Applied to a Large Oilfield}",
  year            = {2020},
  month = {11},
  doi = {10.2118/202928-MS},
}

@inproceedings{himr,
  author          = {Himr, Daniel and Haban, Vladimir and Pochyly, Frantisek},
  booktitle       = {Engineering Mechanics Conference},
  editor          = {},
  title           = "{Sound Speed in the Mixture Water - Air}",
  year            = {2009},
  address = {Svratka, Czech Republic},
  month = {05}
}

@article{petrie,
  author          = {Petrie, Hal and Wilson, Phil and Smart, Eddie},
  journal         = {World Oil},
  number          = {6},
  title           = "{Jet Pumping Oil Wells, Part 1 Design theory, hardware options and application considerations}",
  volume          = {197},
  year            = {1983},
  month = {11}
}

@techreport{sanger,
  author      = {Sanger, Nelson L.},
  institution = {National Aeronautics and Space Administration},
  title       = "{
Noncavitating Performance of Two Low-Area-Ratio Water Jet Pumps having Throat Lengths of 7.25 Diameters}",
  year        = {1968},
  month = {03}
}

@inbook{fluids_cheme,
    author = {Holland, FA and Bragg R},
    title = {Fluid Flow for Chemical Engineers},
    publisher = {Edward Arnold},
    year = {1995},
    chapter = {6},
    pages   = {189-190},
    address   = {338 Euston Road, London NW1 3BH}
}

@inbook{fluids_white,
    author = {White, Frank},
    title = {Fluid Mechanics 7th Ed.},
    publisher = {McGraw-Hill},
    year = {2011},
    chapter = {9},
    pages   = {622-623},
    address   = {1221 Avenue of the Americas, New York, NY 10020}
}

