@book{gosline,
    author = {Gosline, James E. and O'Brien, Morrough P.},
    title = {The Water Jet Pump} ,
    publisher = {University of California Press} ,
    year = {1934}
}

@techreport{flugel,
    author      = {Fl√ºgel, Gustav},
    institution = {National Advisory Committee for Aeronautics},
    title       = {The Design of Jet Pumps},
    year        = {1941},
    month       = {07}
}

@techreport{cunn_oil,
    author      = {Cunningham, R. G.},
    institution = {Wright Air Development Center},
    title       = {The Jet Pump as a Lubrication Oil Scavenge Pump for Aircraft Engines},
    year        = {1954},
    month       = {07}
}

@article{cunn_cav,
    author = {Cunningham, R. G. and Hansen, A. G. and Na, T. Y.},
    title = {Jet Pump Cavitation},
    journal = {ASME J. Basic Eng.},
    volume = {92},
    number = {3},
    pages = {483-492},
    year = {1970},
    month = {09},
    doi = {10.1115/1.3425040},
}

@article{cunn_gas,
    author = {Cunningham, R. G.},
    title = {Gas Compression With the Liquid Jet Pump},
    journal = {ASME J. Fluids Eng.},
    volume = {96},
    number = {3},
    pages = {203-215},
    year = {1974},
    month = {09},
    doi = {10.1115/1.3447143},
}

@article{cunn_break,
    author = {Cunningham, R. G. and Dopkin, R. J.},
    title = {Jet Breakup and Mixing Throat Lengths for the Liquid Jet Gas Pump},
    journal = {ASME J. Fluids Eng.},
    volume = {96},
    number = {3},
    pages = {216-226},
    year = {1974},
    month = {09},
    doi = {10.1115/1.3447144},
}

@article{cunn_two,
    author = {Cunningham, R. G.},
    title = {Liquid Jet Pumps for Two-Phase Flows},
    journal = {ASME J. Fluids Eng.},
    volume = {117},
    number = {2},
    pages = {309-316},
    year = {1995},
    month = {06},
    doi = {10.1115/1.2817147},
}

@book{kobe_book,
    author = {Coberly, C. J.},
    title = {Theory and Application of Hydraulic Oil Well Pumps},
    publisher = {Kobe Inc.},
    year = {1961}
}

@techreport{sanger_non_cav,
  author      = {Sanger, Nelson L.},
  institution = {National Aeronautics and Space Administration},
  title       = {Noncavitating Performance of Two Low-Area-Ratio Water Jet Pumps having Throat Lengths of 7.25 Diameters},
  year        = {1968},
  month = {03}
}

@techreport{sanger_cav,
  author      = {Sanger, Nelson L.},
  institution = {National Aeronautics and Space Administration},
  title       = {Cavitating Performance of Two Low-Area-Ratio Water Jet Pumps having Throat Lengths of 7.25 Diameters},
  year        = {1968},
  month = {05}
}

@techreport{wilson_status,
    author = {Wilson, P.M},
    title = {Jet Free Pump: A Progress Report on Two Years of Field Performance},
    institution = {Kobe Inc.},
    year = {1972}
}

@article{payne_multiphase,
    author = {Payne, G.A. and Palmer, C.M. and Brill, J.P. and Beggs, H.D.},
    title = {Evaluation of Inclined-Pipe, Two-Phase Liquid Holdup and Pressure-Loss Correlation Using Experimental Data},
    journal = {Journal of Petroleum Technology},
    volume = {31},
    number = {09},
    year = {1979},
    month = {09},
    doi = {10.2118/6874-PA}
}

@inbook{kermit,
    author = {Petrie, Hal},
    title = {Jet Pumping},
    editor = {Brown, Kermit E.},
    booktitle = {The Technology of Artificial Lift Methods},
    volume = {2b},
    publisher = {Petroleum Publishing Co.},
    year = {1980},
    chapter = {6},
    pages = {453-481}
}

@incollection{kermit_no_use,
    author = {Petrie, Hal},
    title = {Jet Pumping},
    editor = {Brown, Kermit E.},
    booktitle = {The Technology of Artificial Lift Methods},
    publisher = {Petroleum Publishing Co.},
    year = {1980},
    volume = {2b},
    chapter = {6},
    pages = {453--481}
}

@article{gas_lift_econ,
    author = {Kanu, Eni P. and Mach, Joe and Brown, Kermit E.},
    title = {Economic Approach to Oil Production and Gas Allocation in Continuous Gas Lift},
    journal = {Journal of Petroleum Technology},
    volume = {33},
    number = {10},
    pages = {1887-1892},
    year = {1981},
    month = {10},
    doi = {10.2118/9084-PA}
}

@article{world_oil_one,
  author          = {Petrie, Hal and Wilson, Phil and Smart, Eddie},
  journal         = {World Oil},
  number          = {6},
  title           = {Jet Pumping Oil Wells, Part 1 Design theory, hardware options and application considerations},
  volume          = {197},
  year            = {1983},
  month = {11}
}

@article{world_oil_two,
  author          = {Petrie, Hal and Wilson, Phil and Smart, Eddie},
  journal         = {World Oil},
  number          = {7},
  title           = {Jet Pumping Oil Wells, Part 2 Hand held computer programs for installation design},
  volume          = {198},
  year            = {1983},
  month = {12}
}

@article{world_oil_three,
  author          = {Petrie, Hal and Wilson, Phil and Smart, Eddie},
  journal         = {World Oil},
  number          = {8},
  title           = {Jet Pumping Oil Wells, Part 3 How design calculations compare with actual field performance},
  volume          = {199},
  year            = {1984},
  month = {1}
}

@inproceedings{gas_lift_quasi,
    author = {Nishikiori, N. and Redner, R. A. and Doty, D. R. and Schmidt, Z.},
    title = {An Improved Method for Gas Lift Allocation Optimization},
    booktitle = {SPE Annual Technical Conference and Exhibition},
    year = {1989},
    month = {10},
    doi = {10.2118/19711-MS}
}

@mastersthesis{gas_lift_quasi_thesis,
    author = {Nishikiori, Nobuo},
    title = {Gas Allocation Optimization for Continuous Flow Gas Lift Systems},
    school = {University of Tulsa},
    year = {1989}
}

@inbook{fluids_cheme,
    author = {Holland, FA and Bragg R},
    title = {Fluid Flow for Chemical Engineers},
    publisher = {Edward Arnold},
    year = {1995},
    chapter = {6},
    pages   = {189-190},
    address   = {338 Euston Road, London NW1 3BH}
}

@inbook{fluids_white,
    author = {White, Frank},
    title = {Fluid Mechanics 7th Ed.},
    publisher = {McGraw-Hill},
    year = {2011},
    chapter = {9},
    pages   = {622-623},
    address   = {1221 Avenue of the Americas, New York, NY 10020}
}

@inbook{optm_griva,
    author = {Griva, Igor and Nash, Stephen and Sofer, Ariela},
    title = {Linear and Nonlinear Optimization 2nd Ed.},
    publisher = {SIAM Press},
    year = {2009},
    chapter = {12.3},
    pages   = {411-420}
}

@inproceedings{himr,
  author          = {Himr, Daniel and Haban, Vladimir and Pochyly, Frantisek},
  booktitle       = {Engineering Mechanics Conference},
  editor          = {},
  title           = {Sound Speed in the Mixture Water - Air},
  year            = {2009},
  address = {Svratka, Czech Republic},
  month = {05}
}

@inproceedings{mangala_critical,
    author = {Verma, Sumil Kumar and Ojha, Shiv Prakash and Jha, Mihir and Singh, Aditya Kumar and Kefford, Paul and Kumar, Piyush and Tandon, Rohit and Kumar, Sunil and Prasad, Dhruva and Singh, Manjit Kumar},
    booktitle = {IPTC International Petroleum Technology Conference},
    editor = {},
    title = {The Importance of Critical Flow Considerations in Understanding Jet Pump Performance: The Mangala Field},    
    year = {2014},
    month = {12},
    doi = {10.2523/IPTC-18167-MS},
}

@inproceedings{mangala_numerical,
  author          = {Merrill, Robert and Shankar, Vivek and Chapman, Thomas},
  booktitle       = {Abu Dhabi International Petroleum Exhibition and Conference},
  editor          = {},
  title           = {Three-Phase Numerical Solution for Jet Pumps Applied to a Large Oilfield},
  year            = {2020},
  month = {11},
  doi = {10.2118/202928-MS},
}